
@Inbook{Ramsay2005,
	author = {Ramsay, James},
	publisher = {American Cancer Society},
	title = {Functional Data Analysis},
	booktitle = {Encyclopedia of Statistics in Behavioral Science},
	year = {2005}
}

@Article{pmid22855258,
	Author="Crainiceanu, C. M.  and Staicu, A. M.  and Ray, S.  and Punjabi, N. ",
	Title="{{B}ootstrap-based inference on the difference in the means of two correlated functional processes}",
	Journal={Stat Med},
	Year={2012},
	Volume={31},
	Number={26},
	Pages={3223-3240}
}

@Article{Goldsmith2010,
	author = {Jeff Goldsmith and Jennifer Bobb and Ciprian M. Crainiceanu and Brian Caffo and Daniel Reich},
	title = {Penalized Functional Regression},
	journal = {Journal of Computational and Graphical Statistics},
	volume = {20},
	number = {4},
	pages = {830-851},
	year  = {2011},
	publisher = {Taylor & Francis}
}


@Article{Di2009,
	author = {Di, Chong-Zhi and Crainiceanu, Ciprian M. and Caffo, Brian S. and Punjabi, Naresh M.},
	fjournal = {The Annals of Applied Statistics},
	journal = {Ann. Appl. Stat.},
	number = {1},
	pages = {458-488},
	publisher = {The Institute of Mathematical Statistics},
	title = {Multilevel functional principal component analysis},
	volume = {3},
	year = {2009}
}


@Article{Greven2010,
	author = {Greven, Sonja and Crainiceanu, Ciprian and Caffo, Brian and Reich, Daniel},
	fjournal = {Electronic Journal of Statistics},
	journal = {Electron. J. Statist.},
	pages = {1022-1054},
	publisher = {The Institute of Mathematical Statistics and the Bernoulli Society},
	title = {Longitudinal functional principal component analysis},
	volume = {4},
	year = {2010}
}

@Article{Chen2012,
	author = {Kehui Chen and Hans-Georg M{\"u}ller},
	journal = {Journal of the American Statistical Association},
	number = {500},
	pages = {1599-1609},
	title = {Modeling Repeated Functional Observations},
	volume = {107},
	year = {2012}
}

@Article{Park2015,
	title={Longitudinal Functional Data Analysis.},
	author={So Young Park and Ana-Maria Staicu},
	journal={Statistics},
	year={2015},
	volume={4},
	number={1},
	pages={212-226}
}

@Article{Park2018,
	author = {Park, So Young and Staicu, Ana-Maria and Xiao, Luo and Crainiceanu, Ciprian M},
	title = {Simple fixed-effects inference for complex functional models.},
	journal = {Biostatistics},
	volume = {19},
	number = {2},
	pages = {137-152},
	year = {2018}
}


@Article{Xiao2016,
	author={Xiao, Luo and Zipunnikov, Vadim and Ruppert, David and Crainiceanu, Ciprian},
	title={Fast covariance estimation for high-dimensional functional data.},
	journal={Statistics and Computing},
	year={2016},
	volume={26},
	number={1},
	pages={409-421}
}

@Article{Xiao2013,
	author = {Luo Xiao and Yingxing Li and David Ruppert},
	journal = {Journal of the Royal Statistical Society. Series B (Statistical Methodology)},
	number = {3},
	pages = {577-599},
	title = {Fast bivariate {{\it P}}-splines: the sandwich smoother.},
	volume = {75},
	year = {2013}
}

@Article{Xiao2018,
	author={Xiao, Luo and Li, Cai and Checkley, William and Crainiceanu, Ciprian},
	title={Fast covariance estimation for sparse functional data.},
	journal={Statistics and Computing},
	year={2018},
	volume={28},
	number={3},
	pages={511-522}
}

@Article{Chen2019,
	author={Chen, Stephanie and Xiao, Luo and Staicu, Ana-Maria},
	title={A Smoothing-based Goodness-of-Fit Test of Covariance for Functional Data.},
	journal={Biometrics},
	year={2019},
	volume={75},
	number={2},
	pages={562-571}
}

@Article{Eilers1996,
	author = {Eilers, Paul H. C. and Marx, Brian D.},
	journal = {Statistical Science},
	number = {2},
	pages = {89-121},
	title = {Flexible smoothing with B-splines and penalties.},
	volume = {11},
	year = {1996}
}

@Article{Wu1986,
	author = {Wu, C. F. J.},
	journal = {Annals of Statistics},
	number = 4,
	pages = {1261-1295},
	title = {Jackknife, bootstrap and other resampling methods in regression analysis.},
	volume = 14,
	year = 1986
}



@Article{Wood2016,
	title = {Smoothing parameter and model selection for general smooth models.},
	author = {Simon N. Wood and Natalya Pya and  Benjamin Safken},
	journal = {Journal of the American Statistical Association},
	year = {2016},
	pages = {1548-1575},
	volume = {111},
	number = {516}
}


@Article{pmid24336819,
	Author="Schrack, J. A.  and Zipunnikov, V.  and Goldsmith, J.  and Bai, J.  and Simonsick, E. M.  and Crainiceanu, C.  and Ferrucci, L. ",
	Title="{{A}ssessing the "physical cliff": detailed quantification of age-related differences in daily patterns of physical activity}",
	Journal="J. Gerontol. A Biol. Sci. Med. Sci.",
	Year="2014",
	Volume="69",
	Number="8",
	Pages="973-979"
}

@Manual{Xiaoface2019,
	title = {face: Fast Covariance Estimation for Sparse Functional Data.},
	author = {Luo Xiao and Cai Li and William Checkley and Ciprian Crainiceanu},
	year = {2019}
}

@Manual{refund2018,
	title = {refund: Regression with Functional Data.},
	author = {Jeff Goldsmith and Fabian Scheipl and Lei Huang and Julia Wrobel and Jonathan Gellar and Jaroslaw Harezlak and Mathew W. McLean and Bruce Swihart and Luo Xiao and Ciprian Crainiceanu and Philip T. Reiss},
	year = {2018}
}

@Manual{mgcv2019,
	title = {mgcv: Mixed GAM Computation Vehicle with Automatic Smoothness Estimation.},
	author = {Simon Wood},
	year = {2019}
}

@Article{Ivanescu2015,
	author={Ivanescu, Andrada E.
	and Staicu, Ana-Maria
	and Scheipl, Fabian
	and Greven, Sonja},
	title={Penalized function-on-function regression},
	journal={Computational Statistics.},
	year={2015},
	volume={30},
	number={2},
	pages={539-568}
}


@Article{Wood2015,
	title={Generalized additive models for large data sets.},
	journal={Journal of the Royal Statistical Society. Series C (Applied Statistics)},
	author={Simon N. Wood and Yannig Goude and Simon Shaw},
	year={2015},
	volume={64},
	number={1},
	pages={139-155}
}



@Article{Xiao2015,
	author = {Xiao, Luo and Huang, Lei and Schrack, Jennifer and Ferrucci, Luigi and Zipunnikov, Vadim and Crainiceanu, Ciprian},
	year = {2015},
	pages={352-367},
	title = {Quantifying the lifetime circadian rhythm of physical activity: A covariate-dependent functional approach.},
	volume = {16},
	journal = {Biostatistics}
}


@Article{Stone1966,
	title = {Activities and Attitudes of Participants in the Baltimore Longitudinal Study},
	author = {Stone, Jane Livermore and Norris, Arthur H.},
	year = {1966},
	pages = {575-580},
	volume={21},
	number={4},
	journal = {Journal of Gerontology}
}


@Article{Chen2017,
	author = {Chen, Kehui and Delicado, Pedro and M{\"u}ller, Hans-Georg},
	title = {Modelling function-valued stochastic processes, with applications to fertility dynamics},
	journal = {Journal of the Royal Statistical Society: Series B (Statistical Methodology)},
	volume = {79},
	number = {1},
	pages = {177-196},
	year = {2017}
}


@Book{Diggle2002,
	title={Analysis of Longitudinal Data},
	author={Diggle, P.J. and Heagerty, P. and Liang, K.Y. and Heagerty, P.J. and Zeger, S.},
	series={Oxford Statistical Science Series},
	year={2002},
	publisher={OUP Oxford}
}




@article{Scheipl2015,
	author = {Fabian Scheipl and Ana-Maria Staicu and Sonja Greven},
	title = {Functional Additive Mixed Models},
	journal = {Journal of Computational and Graphical Statistics},
	volume = {24},
	number = {2},
	pages = {477-501},
	year  = {2015}
}

@article{Scheipl2016,
	author = {Fabian Scheipl and Jan Gertheiss and Sonja Greven},
	title = {Generalized Functional Additive Mixed Models},
	journal = {Electronic Journal of Statistics},
	volume = {10},
	number = {1},
	pages = {1455-1492},
	year  = {2016}
}


@article{Zhang2016,
	author = {Lin Zhang and Veerabhadran Baladandayuthapani and Hongxiao Zhu and Keith A. Baggerly and Tadeusz Majewski and Bogdan A. Czerniak and Jeffrey S. Morris},
	title = {Functional CAR Models for Large Spatially Correlated Functional Datasets},
	journal = {Journal of the American Statistical Association},
	volume = {111},
	number = {514},
	pages = {772-786},
	year  = {2016},
	publisher = {Taylor & Francis}
}


@article{Lee2019,
	author = {Wonyul Lee and Michelle F. Miranda and Philip Rausch and Veerabhadran Baladandayuthapani and Massimo Fazio and J. Crawford Downs and Jeffrey S. Morris},
	title = {Bayesian Semiparametric Functional Mixed Models for Serially Correlated Functional Data, With Application to Glaucoma Data},
	journal = {Journal of the American Statistical Association},
	volume = {114},
	number = {526},
	pages = {495-513},
	year  = {2019},
	publisher = {Taylor & Francis}
}

@article{Zhu2019,
	author = {Hongtu Zhu and  Kehui Chen and Xinchao Luo and Ying Yuan and Jane-Ling Wang},
	title = {{FMEM}: Functional Mixed Effects Models for Longitudinal Functional Responses},
	journal = {Statistica Sinica},
	volume = {29},
	number = {4},
	pages = {2007-2033},
	year  = {2019}
}


@article{Goldsmith2015,
	author = {Goldsmith, Jeff and Zipunnikov, Vadim and Schrack, Jennifer},
	title = {Generalized multilevel function-on-scalar regression and principal component analysis},
	journal = {Biometrics},
	volume = {71},
	number = {2},
	pages = {344-353},
	year = {2015}
}

@article{John2019,
  title={An Open-Source Monitor-Independent Movement Summary for Accelerometer Data Processing},
  author={John, Dinesh and Tang, Qu and Albinali, Fahd and Intille, Stephen},
  journal={Journal for the Measurement of Physical Behaviour},
  volume={2},
  number={4},
  pages={268--281},
  year={2019},
  publisher={Human Kinetics}
}